@book{samet,
  title={Foundations of multidimensional and metric data structures},
  author={Samet, Hanan},
  year={2006},
  publisher={Morgan Kaufmann}
}

  @misc{wiki:octree,
    author = "{Wikipedia contributors}",
    title = "Octree --- {Wikipedia}{,} The Free Encyclopedia",
    year = "2020",
    howpublished = "\url{https://en.wikipedia.org/w/index.php?title=Octree&oldid=978159387}",
    note = "[Online; accessed 15-October-2020]"
  }
  
@misc{repo,
  author = {Estructura de Datos Avanzadas: Octree},
  title = {{Repositorio en GitHub}},
  howpublished = "\url{https://github.com/syordya/CSUNSA-EDA/tree/master/Examen01}",
  note = "[Online; accessed 27-setiembre-2020]"
}
  
